@misc{ wiki:000, author = "Wikipedia", title = "Pulley --- Wikipedia{,} The Free Encyclopedia", year = "2014", url = "http://en.wikipedia.org/w/index.php?title=Pulley&oldid=626323027", note = "[Online; accessed 29-September-2014]" } 
@misc{ wiki:001, author = "Wikipedia", title = "Domino effect --- Wikipedia{,} The Free Encyclopedia", year = "2014", url = "http://en.wikipedia.org/w/index.php?title=Domino_effect&oldid=626664179", note = "[Online; accessed 29-September-2014]" } 
@misc{ wiki:002, author = "Wikipedia", title = "Newton's cradle --- Wikipedia{,} The Free Encyclopedia", year = "2014", url = "http://en.wikipedia.org/w/index.php?title=Newton\%27s_cradle&oldid=625180189", note = "[Online; accessed 29-September-2014]" }


@misc{website:coll,
      author = "iForce 2D",
      title     = {\href{http://www.iforce2d.net/b2dtut/collision-callbacks}{Collision Callbacks}},
      month = "November",
      year = "2014",
      url = {http://www.iforce2d.net/b2dtut/collision-callbacks}
}
@misc{website:bod,
      author = "iForce 2D",
      title     = {\href{http://www.iforce2d.net/b2dtut/bodies}{Bodies}},
      month = "October",
      year = "2014",
      url = {http://www.iforce2d.net/b2dtut/bodies}
},
@misc{website:fix,
      author = "iForce 2D",
      title     = {\href{http://www.iforce2d.net/b2dtut/fixtures}{Fixtures}},
      month = "October",
      year = "2014",
},
@misc{website:user,
      author = "iForce 2D",
      title     = {\href{http://www.iforce2d.net/b2dtut/user-data}{User Data}},
      month = "November",
      year = "2014",
},
@misc{website:you,
      author = "Youtube",
      title     = {\href{http://www.youtube.com}{Rube Goldberg Machine Animations}},
      month = "August",
      year = "2014",
},
@misc{website:git,
      author = {Pratyush Nalam},
      title = {cs296_spring2013},
      year = {2013},
      url = {https://github.com/pratnala/cs296_spring2013},
},